@article{JPBell,
  author = {J. P. Bell and S. Gerhold},
  journal = {Israel Jour. Math},
  year = {2007},
  title = {On the positivity set of a linear recurrence},
  pages = {57}
}

@book{Bourbaki,
  author = {N. Bourbaki},
  year = {1966},
  title = {Elements of Mathematics: General Topology (Part 2)},
  publisher = {Addison-Wesley},
}


@conference{Mignotte, 
    title={Some useful bounds},
    booktitle={Computer Algebra},
    author={M. Mignotte},
    year={1982}
}

@article{Renegar,
    author={James Renegar},
    title={On the computational complexity and geometry of the first-order theory of the reals, part i: Introduction. preliminaries. the geometry of semi-algebraic sets. the decision problem for the existential theory of the reals.},
    year={1992},
    volume={13},
    pages={255â€“300},
    journal = {J. Symb. Comput.}
    






}

